3726 5842
238 327 275 381 IV

399 493 450 566 Ut
473 494 588 590 igitur
611 494 711 566 hune
729 492 890 566 indicem
908 515 1034 565 meum
1053 494 1168 565 etiam
1187 499 1273 585 post
1290 491 1443 566 Henrioi
1463 494 1617 590 Ebeling
1637 495 1753 568 socio·

238 675 396 747 rumque
419 653 513 739 eiua,
541 653 675 746 quibus
699 658 883 747 quantum
906 652 1024 726 veluti
1051 652 1111 725 hio
1134 652 1211 724 illio
1234 651 1273 724 in
1297 652 1536 746 disponendis
1561 655 1752 748 particulis

240 813 393 887 debeam
421 817 529 908 grato
558 812 683 885 animo
711 813 906 905 profiteor,
939 834 1032 905 opus
1065 811 1402 885 laboriosissimum
1429 836 1506 886 non
1535 836 1753 908 supervaca-

237 996 351 1046 neum
370 971 449 1045 foro
470 995 594 1065 spem,
617 971 838 1066 praesertim
858 994 942 1045 oum
966 971 1173 1064 permultos
1192 979 1231 1045 et
1249 979 1446 1045 auctorum
1468 980 1506 1046 et
1529 974 1753 1070 typographi

219 1155 384 1226 errores
418 1133 657 1219 correxerim,
692 1131 746 1204 ita
778 1154 846 1225 pro
881 1131 1020 1204 viribus
1053 1106 1243 1205 laboranti
1273 1131 1313 1203 in
1345 1138 1453 1205 tanta
1486 1133 1754 1207 vocabulorum

240 1294 352 1380 mole,
382 1293 414 1365 si
441 1292 531 1386 quid
558 1291 721 1385 peceavi,
749 1290 829 1364 fore
856 1298 900 1363 ut
927 1291 1145 1387 indulgeant
1172 1291 1329 1365 lectores
1357 1292 1529 1366 benevoli
1557 1294 1712 1367 confido.

398 1452 529 1538 index,
557 1451 826 1545 qualiscunque
850 1457 923 1538 est,
953 1452 984 1524 si
1011 1451 1226 1524 hominibus
1255 1451 1373 1525 doctis
1402 1460 1579 1547 exparte
1604 1460 1753 1526 tantum

239 1611 474 1705 probabitur,
503 1634 680 1706 magnum
708 1611 794 1685 inde
821 1610 985 1684 fructum
1013 1612 1221 1705 percepisse
1248 1611 1342 1683 mihi
1369 1612 1533 1686 videbor.

397 1771 596 1865 Reliquum
624 1778 696 1857 est,
724 1776 769 1844 ut
796 1771 872 1842 iam
896 1771 1099 1845 Bartholdo
1125 1771 1308 1876 Delbrdck
1336 1778 1374 1843 et
1400 1772 1573 1845 Eduardo
1599 1771 1755 1861 SieverS,

238 1932 330 2006 viris
363 1931 604 2019 doctissimis,
637 1931 702 2025 qui
729 1954 803 2026 qua
831 1931 892 2006 via
919 1931 958 2003 in
987 1931 1242 2025 componendo
1275 1931 1345 2003 hoo
1373 1954 1484 2025 opere
1512 1933 1650 2006 laboris
1678 1933 1753 2027 ple·

238 2091 394 2165 nissimo
425 2092 620 2185 aptissime
653 2080 929 2185 procedendum
962 2092 1012 2164 sit
1044 2092 1202 2188 benigne
1234 2091 1326 2163 mihi
1355 2099 1678 2180 monstraverunt,
1711 2101 1755 2166 ut
1791 2183 1792 2186 Ἴ

238 2274 308 2345 par
336 2258 408 2338 est,
437 2252 576 2347 gratias
604 2275 713 2348 agam
741 2274 853 2346 quam
881 2252 1074 2324 maximas.

399 2465 549 2552 Gerae,
577 2487 704 2539 mense
732 2465 851 2559 Aprili
879 2489 911 2538 a.
940 2465 1183 2539 Mocoexol.

1408 2621 1459 2702 r.
1489 2580 1698 2721 oenrrn'g.
