3726 5842
278 1665 352 1774 En
379 1697 508 1784 habes,
536 1698 654 1772 lector
682 1698 875 1786 benevole,
904 1699 1062 1772 indicem
1086 1699 1343 1786 Homericum,
1372 1700 1477 1773 cuius
1502 1699 1634 1772 edendi

114 1864 205 1930 ante
237 1857 305 1930 hos
334 1865 417 1932 octo
447 1881 565 1932 annos
594 1858 791 1933 consilium
819 1860 914 1954 cepi,
946 1859 1067 1933 multo
1096 1865 1227 1953 postea
1255 1883 1367 1954 quam
1397 1882 1632 1954 speraveram

115 2017 269 2091 tandem
297 2018 497 2112 aliquando
526 2020 746 2113 perlectum!

278 2179 374 2263 Quas
401 2179 568 2253 rationes
596 2179 787 2275 Eugenius
815 2180 1011 2252 Frohwein
1044 2186 1194 2254 secutus
1223 2187 1281 2253 est
1309 2181 1348 2252 in
1376 2179 1633 2273 componendo

115 2337 230 2410 verbo
253 2338 469 2424 Homerico,
497 2362 560 2412 eas
584 2345 623 2413 et
641 2339 721 2433 ipsc
739 2339 920 2413 tenendas
945 2361 1026 2413 esse
1049 2340 1276 2426 existimavi,
1303 2339 1526 2435 praesertim
1549 2361 1633 2412 cum

114 2498 273 2605 uerbum
300 2499 541 2573 Homericum
574 2500 621 2572 ab
653 2499 735 2593 ipso
764 2498 974 2573 confectum
1007 2500 1296 2594 hominibusque
1328 2500 1447 2572 doctis
1480 2499 1519 2570 in
1552 2499 1633 2571 uni·

116 2681 267 2732 versum
285 2659 487 2752 probatum
510 2658 549 2730 in
568 2681 694 2732 meum
712 2659 871 2733 indicem
895 2660 1106 2753 receperim.
1143 2660 1267 2754 Atque
1286 2659 1490 2733 maioribus
1509 2658 1634 2731 iacobi

114 2818 168 2890 La
191 2818 316 2892 Roche
345 2818 573 2892 editionibus
599 2819 711 2915 (Lips.
737 2822 822 2893 1867
847 2820 1009 2915 et1873)
1038 2841 1129 2892 usus
1157 2819 1279 2913 primo
1307 2819 1389 2892 loco
1414 2819 1452 2891 id
1471 2818 1634 2891 maxime

113 2980 188 3075 egi,
222 2986 267 3051 ut
294 2980 462 3053 omnium
490 2979 774 3068 vocabulorum,
806 2979 968 3074 quaein
995 2978 1150 3052 Homeri
1178 2978 1343 3074 Odyssea
1370 2986 1408 3050 et
1435 2977 1552 3051 Iliade
1584 3020 1629 3030 -

113 3139 330 3226 verborum,
354 3140 512 3234 quaein
540 3139 689 3235 hymnis
712 3139 967 3233 reperiuntur,
992 3138 1260 3233 supellectilem
1284 3138 1388 3211 brevi
1412 3136 1512 3211 foras
1537 3138 1632 3211 dabo

114 3343 167 3353 —
199 3301 392 3395 leguntur,
426 3299 565 3372 formas
599 3306 637 3373 et
668 3300 769 3373 locos
802 3301 949 3374 ratione
982 3306 1020 3373 et
1053 3299 1183 3373 ordine
1211 3297 1490 3372 accuratissime
1518 3298 1632 3371 nullis

114 3459 263 3534 omissis
292 3482 560 3533 enumerarem.

274 3620 438 3695 Indiccm
467 3621 566 3693 enim
590 3620 840 3694 certissimum
864 3625 903 3692 et
929 3619 1282 3713 locupletissimum,
1311 3619 1376 3711 qui
1401 3641 1530 3691 omnes
1556 3641 1633 3691 om·

113 3780 219 3853 nium
245 3781 514 3853 vocabulorum
540 3781 643 3854 locos
672 3780 879 3866 contineat,
908 3801 983 3851 non
1007 3779 1170 3865 lexicon,
1199 3778 1308 3872 quale
1331 3776 1514 3851 Henricus
1540 3778 1633 3851 Ebe-

114 3941 192 4038 ling
219 3941 358 4035 aliique
385 3940 556 4014 homines
585 3941 685 4014 docti
714 3945 1018 4034 composuerunt,
1049 3938 1158 4012 edere
1186 3938 1298 4012 volui.

275 4102 405 4195 Neque
442 4109 569 4173 tamen
607 4100 813 4194 simplicem
855 4099 1176 4172 enumerationem
1219 4099 1418 4172 verborum
1460 4096 1631 4171 sufficere

113 4261 259 4353 putavi:
293 4261 421 4355 itaque
454 4260 582 4334 sedulo
619 4283 770 4354 operam
804 4260 902 4344 dedi,
940 4282 1053 4353 quam
1085 4281 1161 4330 non
1193 4258 1366 4331 inutilem
1398 4256 1478 4330 fore
1511 4279 1631 4350 spero,

114 4426 158 4492 ut
185 4421 307 4493 multa
335 4428 373 4494 et
400 4421 505 4496 uaria
532 4444 683 4518 genera,
716 4419 850 4515 quibus
884 4419 1030 4514 singula
1058 4441 1226 4513 quaeque
1254 4416 1436 4492 vocabula
1464 4416 1562 4489 inter
1590 4438 1630 4489 se

114 4581 315 4654 coniuncta
338 4592 377 4654 et
400 4604 567 4655 connexa
589 4588 725 4668 essent,
753 4601 1021 4664 enumerarem,
1049 4578 1252 4672 particulas
1276 4576 1632 4671 coniunctionesque

114 4741 279 4813 maxima
297 4764 383 4814 cum
402 4742 596 4838 diligentia
614 4741 840 4837 colligerem,
864 4740 1039 4814 collectas
1063 4738 1102 4810 in
1126 4759 1235 4810 suum
1255 4758 1440 4831 quamque
1459 4736 1629 4809 ordinem

113 4901 330 4996 redigerem.
390 4901 502 4975 Verbi
543 4902 682 4974 formas
719 4907 847 4974 autem
883 4901 930 4973 ab
967 4898 1135 4994 Eugenio
1168 4897 1365 4970 Frohwein
1403 4894 1630 4989 compositas

114 5060 236 5133 denuo
260 5061 420 5169 inspexi,
448 5085 543 5156 quac
566 5061 784 5158 corrigenda
807 5066 931 5147 erant,
960 5058 1119 5144 correxi,
1141 5057 1288 5153 singula
1312 5058 1367 5130 ita
1390 5055 1630 5145 commutavi,

114 5226 158 5291 ut
184 5220 306 5299 maior
335 5222 385 5294 sit
411 5222 666 5316 perspicuitas.
